<record xmlns="http://www.loc.gov/MARC21/slim">
   <leader>01064cam a2200277 a 4500</leader>
   <controlfield tag="001">1360562</controlfield>
   <controlfield tag="008">910305s1985    ilu           1   0 lit c</controlfield>
   <datafield ind1=" " ind2=" " tag="035">
      <subfield code="a">ocn465322212</subfield>
   </datafield>
   <datafield ind1=" " ind2=" " tag="040">
      <subfield code="b">eng</subfield>
   </datafield>
   <datafield ind1=" " ind2=" " tag="043">
      <subfield code="a">e-ur-li</subfield>
   </datafield>
   <datafield ind1=" " ind2=" " tag="049">
      <subfield code="a">AEU</subfield>
      <subfield code="b">eng</subfield>
   </datafield>
   <datafield ind1=" " ind2="3" tag="055">
      <subfield code="a">DK 511 L2</subfield>
      <subfield code="b">L779 1981</subfield>
   </datafield>
   <datafield ind1="0" ind2=" " tag="090">
      <subfield code="a">DK 511 L2 L779 1981</subfield>
   </datafield>
   <datafield ind1="2" ind2=" " tag="110">
      <subfield code="a">Lituanistikos institutas (U.S.).</subfield>
      <subfield code="b">Suvažiavimas</subfield>
      <subfield code="d">(1981 :</subfield>
      <subfield code="c">Chicago, Ill.)</subfield>
   </datafield>
   <datafield ind1="1" ind2="0" tag="245">
      <subfield code="a">Lituanistikos instituto 1981 metų suvažiavimo darbai =</subfield>
      <subfield code="b">proceedings of the Institute of Lithuanian Studies, 1981 /</subfield>
      <subfield code="c">[editor, Ina Č. Užgiris].</subfield>
   </datafield>
   <datafield ind1=" " ind2=" " tag="260">
      <subfield code="a">Chicago, Ill. :</subfield>
      <subfield code="b">The Institute,</subfield>
      <subfield code="c">1985.</subfield>
   </datafield>
   <datafield ind1=" " ind2=" " tag="300">
      <subfield code="a">391 p. :</subfield>
      <subfield code="b">ill. ;</subfield>
      <subfield code="c">22 cm.</subfield>
   </datafield>
   <datafield ind1=" " ind2=" " tag="336">
      <subfield code="a">text</subfield>
      <subfield code="b">txt</subfield>
      <subfield code="2">rdacontent</subfield>
   </datafield>
   <datafield ind1=" " ind2=" " tag="337">
      <subfield code="a">unmediated</subfield>
      <subfield code="b">n</subfield>
      <subfield code="2">rdamedia</subfield>
   </datafield>
   <datafield ind1=" " ind2=" " tag="338">
      <subfield code="a">volume</subfield>
      <subfield code="b">nc</subfield>
      <subfield code="2">rdacarrier</subfield>
   </datafield>
   <datafield ind1=" " ind2=" " tag="500">
      <subfield code="a">Abstracts in English.</subfield>
   </datafield>
   <datafield ind1=" " ind2=" " tag="596">
      <subfield code="a">38</subfield>
   </datafield>
   <datafield ind1=" " ind2="0" tag="650">
      <subfield code="a">Lithuanian philology</subfield>
      <subfield code="v">Congresses.</subfield>
   </datafield>
   <datafield ind1="1" ind2=" " tag="700">
      <subfield code="a">Užgiris, Ina Č.</subfield>
   </datafield>
   <datafield ind1="2" ind2=" " tag="710">
      <subfield code="a">Lituanistikos institutas (U.S.).</subfield>
      <subfield code="b">Suvažiavimas.</subfield>
   </datafield>
   <datafield ind1=" " ind2=" " tag="926">
      <subfield code="a">DK 511 L2 L779 1981</subfield>
      <subfield code="w">LC</subfield>
      <subfield code="c">1</subfield>
      <subfield code="i">000036034437</subfield>
      <subfield code="l">ON_SHELF</subfield>
      <subfield code="m">UABARD</subfield>
      <subfield code="p">$150.00</subfield>
      <subfield code="r">Y</subfield>
      <subfield code="s">Y</subfield>
      <subfield code="t">BOOK</subfield>
      <subfield code="u">4/4/1991</subfield>
      <subfield code="o">.STAFF. B0033361</subfield>
   </datafield>
</record>
